<record><leader>00000cas a22000007a 4500</leader><controlfield tag="001">15674829</controlfield><controlfield tag="008">870512d18691870iaudn ne      0    0eng d</controlfield><datafield ind1=" " ind2=" " tag="010"><subfield code="a">sn 87057146 </subfield></datafield><datafield ind1=" " ind2=" " tag="040"><subfield code="a">INP</subfield><subfield code="b">eng</subfield><subfield code="c">INP</subfield><subfield code="d">OCLCQ</subfield></datafield><datafield ind1=" " ind2=" " tag="042"><subfield code="a">msc</subfield></datafield><datafield ind1="0" ind2="0" tag="245"><subfield code="a">Des Moines daily statesman.</subfield></datafield><datafield ind1="1" ind2="3" tag="246"><subfield code="a">Statesman</subfield></datafield><datafield ind1=" " ind2=" " tag="260"><subfield code="a">Des Moines, Iowa :</subfield><subfield code="b">J.W. Snow,</subfield><subfield code="c">1869-1870.</subfield></datafield><datafield ind1=" " ind2=" " tag="300"><subfield code="a">16 v.</subfield></datafield><datafield ind1=" " ind2=" " tag="310"><subfield code="a">Daily (except Sunday)</subfield></datafield><datafield ind1="0" ind2=" " tag="362"><subfield code="a">7th year, no. 286 (June 30, 1869)-22nd year, no. 83 (Nov. 9, 1870).</subfield></datafield><datafield ind1=" " ind2=" " tag="500"><subfield code="a">Publisher varies.</subfield></datafield><datafield ind1=" " ind2=" " tag="515"><subfield code="a">9th year, no. 314-22nd year, no. 3 omitted in numbering.</subfield></datafield><datafield ind1=" " ind2=" " tag="752"><subfield code="a">United States</subfield><subfield code="b">Iowa</subfield><subfield code="c">Polk</subfield><subfield code="d">Des Moines.</subfield></datafield><datafield ind1="0" ind2="0" tag="780"><subfield code="t">Iowa evening statesman</subfield><subfield code="w">(DLC)sn 87057145</subfield></datafield><datafield ind1="0" ind2="0" tag="785"><subfield code="t">Daily state leader</subfield><subfield code="w">(DLC)sn 87057203</subfield></datafield></record>